@book{winskel1993formal,
  title={The Formal Semantics of Programming Languages: An Introduction},
  author={Winskel, G.},
  isbn={9780262731034},
  lccn={92036718},
  series={Foundations of computing},
  url={https://books.google.co.uk/books?id=JzUNn6uUxm0C},
  year={1993},
  publisher={Zone Books, U.S.}
}

@article{bos-hemerik,
  author    = {R. Bos {and} C. Hemerik},
  title     = {An introduction to the category-theoretic solution of recursive domain equations},
  journal   = {Computing science notes},
  volume    = {8815},
  year      = {1988},
  publisher = {Eindhoven: Technische Universiteit Eindhoven},
}

@article {smy-plot,
  AUTHOR = {Smyth, M. B. and Plotkin, G. D.},
  TITLE = {The category-theoretic solution of recursive domain equations},
  JOURNAL = {SIAM J. Comput.},
  FJOURNAL = {SIAM Journal on Computing},
  VOLUME = {11},
  YEAR = {1982},
  NUMBER = {4},
  PAGES = {761--783},
  ISSN = {0097-5397},
  MRCLASS = {68C99 (18B35)},
  MRNUMBER = {677666},
  MRREVIEWER = {Stephen L. Bloom},
  DOI = {10.1137/0211062},
  URL = {http://dx.doi.org/10.1137/0211062},
}